
<record>
  <controlfield tag="001">648302</controlfield>
  <datafield tag="024" ind1="7" ind2=" ">
    <subfield code="a">10.1088/0264-9381/21/5/003</subfield>
    <subfield code="2">DOI</subfield>
    <subfield code="9">bibcheck</subfield>
  </datafield>
  <datafield tag="035" ind1=" " ind2=" ">
    <subfield code="a">Acernese:2004rv</subfield>
    <subfield code="9">SPIRESTeX</subfield>
  </datafield>
  <datafield tag="245" ind1=" " ind2=" ">
    <subfield code="a">Results of the VIRGO central interferometer commissioning</subfield>
  </datafield>
  <datafield tag="710" ind1=" " ind2=" ">
    <subfield code="g">VIRGO</subfield>
  </datafield>
</record>